@article{CloudResourceManagement,
author = {Rafael Weingärtner, Gabriel Beims Bräscher, Carlos Becker Westphall},
title = {Cloud resource management: A survey on forecasting and profiling models},
journaltitle = {Journal of Network and Computer Applications},
year = {2015},
}

@thesis{AdaptiveScalingOfPods,
author = {Balla David, Simon Csaba, Markosz Maliosz},
title = {Adaptive scaling of Kubernetes pods},
type = {article},
institution = {Budapest University of Technology and Economics},
year = {2020},
}


@thesis{PredictingUsageAndProactiveScaling,
author = {Thomas Wang, Simone Ferlin, Marco Chiesa},
title = {Predicting CPU usage for proactive autoscaling},
type = {article},
institution = {Ericcson, KTH Royal Institute of Technology},
year = {2021},
}
% https://doi.org/10.1145/3437984.3458831

@thesis{TowardsAnAdaptive,
author = {Ioannis Giannakopoulos, Dimitrios Tsoumakos, Nectarios Koziris},
title = {Towards an Adaptive, Fully Automated Performance Modeling Methodology for Cloud Applications},
type = {article},
institution = {School of ECE, National Technical University of Athens},
year = {2018},
}

@thesis{CloudScale,
author = {Zhiming Shen Sethuraman Subbiah Xiaohui Gu John Wilkes},
title = {The State of Kubernetes},
type = {article},
institution = {Department of Computer Science North Carolina State University, Google},
year = {2011},
}

@article{VMwareSurvey,
author = {VMware},
title = {Cloud resource management: A survey on forecasting and profiling models},
journaltitle = {VMware survey},
year = {2020},
}

@book{KubernetesPatterns,
author = {Bilgin Ibryam, Roland Huß},
title = {Kubernetes Patterns},
year = {2019},
OPTsubtitle = {Reusable Elements for Designing Cloud-Native Applications},
OPTurl = {https://www.redhat.com/cms/managed-files/cm-oreilly-kubernetes-patterns-ebook-f19824-201910-en.pdf},
OPTurldate = {2021.05.13.},
}


@online{Borg,
author = {Kubernetes Blog},
title = {Borg: The Predecessor to Kubernetes},
year = {2015.04.23.},
url = {https://kubernetes.io/blog/2015/04/borg-predecessor-to-kubernetes/},
OPTdate = {2021.05.02.},
OPTurldate = {2021.05.02.},
}

@online{KubernetesComponents,
author = {The Linux Foundation},
title = {Kubernetes Components | Kubernetes},
year = {2021.03.18.},
url = {https://kubernetes.io/docs/concepts/overview/components/},
OPTdate = {2021.05.13.},
OPTurldate = {2021.05.13.},
}

@online{raft,
author = {IBM Cloud Education},
title = {What is etcd? | IBM},
year = {2019.12.18.},
url = {https://www.ibm.com/cloud/learn/etcd#toc-raft-conse-6_wBECZ-},
OPTdate = {2021.05.13.},
OPTurldate = {2021.05.13.},
}

@online{operatorhub,
author = {Operator-SDK},
title = {OperatorHub.io | The registry for Kubernetes Operators},
year = {2020},
url = {https://operatorhub.io},
OPTdate = {2021.05.13.},
OPTurldate = {2021.05.13.},
}

@online{operatorSDK,
author = {Operator-SDK},
title = {Operator SDK},
year = {2020},
url = {https://sdk.operatorframework.io},
OPTdate = {2021.05.13.},
OPTurldate = {2021.05.13.},
}

@online{Prometheus,
author = {The Linux Foundation},
title = {Prometheus - Monitoring system and time series database},
year = {2014-2021},
url = {https://prometheus.io/docs/introduction/overview/},
OPTdate = {2021.05.05.},
OPTurldate = {2021.05.05.},
}

@online{kubernetesInstall,
author = {The Linux Foundation},
title = {Production environment - Kubernetes},
year = {April 08, 2021},
url = {https://kubernetes.io/docs/setup/production-environment/#production-control-plane},
OPTsubtitle = {Production control plane},
OPTlanguage = {English},
OPTorganization = {The Linux Foundation},
OPTdate = {April 08, 2021},
OPTurldate = {2021.05.08.},
}



@online{netflix,
author = {Christopher McFadden},
title = {The Fascinating History of Netflix},
year = {Jul 04, 2020},
url = {https://interestingengineering.com/the-fascinating-history-of-netflix},
OPTsubtitle = {Netflix is a giant of the internet today, but how did it start and who founded it?},
OPTlanguage = {English},
OPTurldate = {2021.05.06.},
}

@online{amazon,
author = {UKEssays},
title = {Impact of Technology on Amazon's Business Strategy},
year = { 8th Feb 2020 },
url = {https://www.ukessays.com/essays/business-strategy/impact-of-technology-on-amazons-business-strategy.php},
OPTurldate = {2021.05.06.},
}

@online{gitRepo,
author = {Tutkovics András},
title = {Github Repo Scaling MSc},
year = {2021},
url = {https://github.com/Tutkovics/Scaling_MSc},
OPTdate = {2021.05.05.},
OPTurldate = {2021.05.05.},
}

@online{dockerContainer,
author = {Tukovics András},
title = {DockerHub - tuti/service-graph-simulator },
year = {2020},
url = {https://hub.docker.com/repository/docker/tuti/service-graph-simulator},
OPTdate = {2021.05.13.},
OPTurldate = {2021.05.13.},
}

@thesis{bscThesis,
author = {Tutkovics András (szakdolgozat)},
title = {Felhő alapú alkalmazások teljesítményének kiértékelése és modellezése},
type = {BSc Thesis},
institution = {BME},
year = {2019},
OPTlanguage = {Hungary},
}